<?xml version="1.0" encoding="UTF-8"?><record xmlns="http://www.loc.gov/MARC21/slim" xmlns:cinclude="http://apache.org/cocoon/include/1.0" xmlns:zs="http://www.loc.gov/zing/srw/">
  <leader>00393cz  a2200121n  4500</leader>
  <controlfield tag="001">n 2010060542</controlfield>
  <controlfield tag="003">DLC</controlfield>
  <controlfield tag="005">20100916075023.0</controlfield>
  <controlfield tag="008">100915n| acannaabn          |n aaa      </controlfield>
  <datafield tag="010" ind1=" " ind2=" ">
    <subfield code="a">n 2010060542</subfield>
  </datafield>
  <datafield tag="040" ind1=" " ind2=" ">
    <subfield code="a">DLC</subfield>
    <subfield code="b">eng</subfield>
    <subfield code="c">DLC</subfield>
  </datafield>
  <datafield tag="100" ind1="1" ind2=" ">
    <subfield code="a">Hamilton, Lily</subfield>
  </datafield>
  <datafield tag="670" ind1=" " ind2=" ">
    <subfield code="a">Hamilton, Lily. Lily &amp; Nana, c2011:</subfield>
    <subfield code="b">ECIP t.p. (Lily Hamilton) data view screen (5 years old and just finishing her Pre-K year of school)</subfield>
  </datafield>
</record>